@article{Cai:2017aea,
      author         = "Cai, Rong-Gen and Liu, Tong-Bo and Liu, Xue-Wen and Wang,
                        Shao-Jiang and Yang, Tao",
      title          = "{Probing cosmic anisotropy with gravitational waves as
                        standard sirens}",
      journal        = "Phys. Rev.",
      volume         = "D97",
      year           = "2018",
      number         = "10",
      pages          = "103005",
      doi            = "10.1103/PhysRevD.97.103005",
      eprint         = "1712.00952",
      archivePrefix  = "arXiv",
      primaryClass   = "astro-ph.CO",
      SLACcitation   = "%%CITATION = ARXIV:1712.00952;%%"
}


@article{Riess:1998cb,
      author         = "Riess, Adam G. and others",
      title          = "{Observational evidence from supernovae for an
                        accelerating universe and a cosmological constant}",
      collaboration  = "Supernova Search Team",
      journal        = "Astron. J.",
      volume         = "116",
      year           = "1998",
      pages          = "1009-1038",
      doi            = "10.1086/300499",
      eprint         = "astro-ph/9805201",
      archivePrefix  = "arXiv",
      primaryClass   = "astro-ph",
      SLACcitation   = "%%CITATION = ASTRO-PH/9805201;%%"
}
@article{Ade:2015xua,
      author         = "Ade, P. A. R. and others",
      title          = "{Planck 2015 results. XIII. Cosmological parameters}",
      collaboration  = "Planck",
      journal        = "Astron. Astrophys.",
      volume         = "594",
      year           = "2016",
      pages          = "A13",
      doi            = "10.1051/0004-6361/201525830",
      eprint         = "1502.01589",
      archivePrefix  = "arXiv",
      primaryClass   = "astro-ph.CO",
      SLACcitation   = "%%CITATION = ARXIV:1502.01589;%%"
}
@article{Liao:2018ofi,
      author         = "Liao, Kai and Ding, Xuheng and Biesiada, Marek and Fan,
                        Xi-Long and Zhu, Zong-Hong",
      title          = "{Anomalies in Time Delays of Lensed Gravitational Waves
                        and Dark Matter Substructures}",
      year           = "2018",
      eprint         = "1809.07079",
      archivePrefix  = "arXiv",
      primaryClass   = "astro-ph.CO",
      SLACcitation   = "%%CITATION = ARXIV:1809.07079;%%"
}
@article{Cai:2015pia,
      author         = "Cai, Rong-Gen and Guo, Zong-Kuan and Yang, Tao",
      title          = "{Null test of the cosmic curvature using $H(z)$ and
                        supernovae data}",
      journal        = "Phys. Rev.",
      volume         = "D93",
      year           = "2016",
      number         = "4",
      pages          = "043517",
      doi            = "10.1103/PhysRevD.93.043517",
      eprint         = "1509.06283",
      archivePrefix  = "arXiv",
      primaryClass   = "astro-ph.CO",
      SLACcitation   = "%%CITATION = ARXIV:1509.06283;%%"
}
@article{Suzuki:2011hu,
      author         = "Suzuki, N. and others",
      title          = "{The Hubble Space Telescope Cluster Supernova Survey: V.
                        Improving the Dark Energy Constraints Above z>1 and
                        Building an Early-Type-Hosted Supernova Sample}",
      collaboration  = "Supernova Cosmology Project",
      journal        = "Astrophys. J.",
      volume         = "746",
      year           = "2012",
      pages          = "85",
      doi            = "10.1088/0004-637X/746/1/85",
      eprint         = "1105.3470",
      archivePrefix  = "arXiv",
      primaryClass   = "astro-ph.CO",
      SLACcitation   = "%%CITATION = ARXIV:1105.3470;%%"
}
@article{Pogosian:2016pwr,
      author         = "Pogosian, Levon and Silvestri, Alessandra",
      title          = "{What can cosmology tell us about gravity? Constraining
                        Horndeski gravity with $\Sigma$ and $\mu$}",
      journal        = "Phys. Rev.",
      volume         = "D94",
      year           = "2016",
      number         = "10",
      pages          = "104014",
      doi            = "10.1103/PhysRevD.94.104014",
      eprint         = "1606.05339",
      archivePrefix  = "arXiv",
      primaryClass   = "astro-ph.CO",
      SLACcitation   = "%%CITATION = ARXIV:1606.05339;%%"
}
@article{Yang:2018bdf,
      author         = "Yang, Tao and Hu, Bin and Cai, Rong-Gen and Wang, Bin",
      title          = "{A new probe of gravity: strongly lensed gravitational
                        wave multi-messenger approach}",
      year           = "2018",
      eprint         = "1810.00164",
      archivePrefix  = "arXiv",
      primaryClass   = "astro-ph.CO",
      SLACcitation   = "%%CITATION = ARXIV:1810.00164;%%"
}
@article{Hinshaw:2012aka,
      author         = "Hinshaw, G. and others",
      title          = "{Nine-Year Wilkinson Microwave Anisotropy Probe (WMAP)
                        Observations: Cosmological Parameter Results}",
      collaboration  = "WMAP",
      journal        = "Astrophys. J. Suppl.",
      volume         = "208",
      year           = "2013",
      pages          = "19",
      doi            = "10.1088/0067-0049/208/2/19",
      eprint         = "1212.5226",
      archivePrefix  = "arXiv",
      primaryClass   = "astro-ph.CO",
      SLACcitation   = "%%CITATION = ARXIV:1212.5226;%%"
}
@article{Kilbinger:2008gk,
      author         = "Kilbinger, M. and others",
      title          = "{Dark energy constraints and correlations with
                        systematics from CFHTLS weak lensing, SNLS supernovae Ia
                        and WMAP5}",
      journal        = "Astron. Astrophys.",
      volume         = "497",
      year           = "2009",
      pages          = "677",
      doi            = "10.1051/0004-6361/200811247",
      eprint         = "0810.5129",
      archivePrefix  = "arXiv",
      primaryClass   = "astro-ph",
      SLACcitation   = "%%CITATION = ARXIV:0810.5129;%%"
}
@inproceedings{Weinberg:2000yb,
      author         = "Weinberg, Steven",
      title          = "{The Cosmological constant problems}",
      booktitle      = "{Sources and detection of dark matter and dark energy in
                        the universe. Proceedings, 4th International Symposium, DM
                        2000, Marina del Rey, USA, February 23-25, 2000}",
      url            = "http://www.slac.stanford.edu/spires/find/books/www?cl=QB461:I57:2000",
      year           = "2000",
      pages          = "18-26",
      eprint         = "astro-ph/0005265",
      archivePrefix  = "arXiv",
      primaryClass   = "astro-ph",
      reportNumber   = "UTTG-07-00",
      SLACcitation   = "%%CITATION = ASTRO-PH/0005265;%%"
}
@article{Holanda:2017jrj,
      author         = "Holanda, R. F. L. and Pereira, S. H. and Jain, Deepak",
      title          = "{Constraints on a possible evolution of mass density
                        power-law index in strong gravitational lensing from
                        cosmological data}",
      journal        = "Mon. Not. Roy. Astron. Soc.",
      volume         = "471",
      year           = "2017",
      number         = "3",
      pages          = "3079-3086",
      doi            = "10.1093/mnras/stx1791",
      eprint         = "1705.06622",
      archivePrefix  = "arXiv",
      primaryClass   = "gr-qc",
      SLACcitation   = "%%CITATION = ARXIV:1705.06622;%%"
}
@article{Betoule:2014frx,
      author         = "Betoule, M. and others",
      title          = "{Improved cosmological constraints from a joint analysis
                        of the SDSS-II and SNLS supernova samples}",
      collaboration  = "SDSS",
      journal        = "Astron. Astrophys.",
      volume         = "568",
      year           = "2014",
      pages          = "A22",
      doi            = "10.1051/0004-6361/201423413",
      eprint         = "1401.4064",
      archivePrefix  = "arXiv",
      primaryClass   = "astro-ph.CO",
      reportNumber   = "FERMILAB-PUB-14-013-A-AE",
      SLACcitation   = "%%CITATION = ARXIV:1401.4064;%%"
}
@article{Cai:2016vmn,
      author         = "Cai, Rong-Gen and Guo, Zong-Kuan and Yang, Tao",
      title          = "{Dodging the cosmic curvature to probe the constancy of
                        the speed of light}",
      journal        = "JCAP",
      volume         = "1608",
      year           = "2016",
      number         = "08",
      pages          = "016",
      doi            = "10.1088/1475-7516/2016/08/016",
      eprint         = "1601.05497",
      archivePrefix  = "arXiv",
      primaryClass   = "astro-ph.CO",
      SLACcitation   = "%%CITATION = ARXIV:1601.05497;%%"
}
@article{Cai:2017yww,
      author         = "Cai, Rong-Gen and Tamanini, Nicola and Yang, Tao",
      title          = "{Reconstructing the dark sector interaction with LISA}",
      journal        = "JCAP",
      volume         = "1705",
      year           = "2017",
      number         = "05",
      pages          = "031",
      doi            = "10.1088/1475-7516/2017/05/031",
      eprint         = "1703.07323",
      archivePrefix  = "arXiv",
      primaryClass   = "astro-ph.CO",
      SLACcitation   = "%%CITATION = ARXIV:1703.07323;%%"
}
@article{Perlmutter:1998np,
      author         = "Perlmutter, S. and others",
      title          = "{Measurements of Omega and Lambda from 42 high redshift
                        supernovae}",
      collaboration  = "Supernova Cosmology Project",
      journal        = "Astrophys. J.",
      volume         = "517",
      year           = "1999",
      pages          = "565-586",
      doi            = "10.1086/307221",
      eprint         = "astro-ph/9812133",
      archivePrefix  = "arXiv",
      primaryClass   = "astro-ph",
      reportNumber   = "LBNL-41801, LBL-41801",
      SLACcitation   = "%%CITATION = ASTRO-PH/9812133;%%"
}
@article{Cai:2016sby,
      author         = "Cai, Rong-Gen and Yang, Tao",
      title          = "{Estimating cosmological parameters by the simulated data
                        of gravitational waves from the Einstein Telescope}",
      journal        = "Phys. Rev.",
      volume         = "D95",
      year           = "2017",
      number         = "4",
      pages          = "044024",
      doi            = "10.1103/PhysRevD.95.044024",
      eprint         = "1608.08008",
      archivePrefix  = "arXiv",
      primaryClass   = "astro-ph.CO",
      SLACcitation   = "%%CITATION = ARXIV:1608.08008;%%"
}
@article{Abbott:2016blz,
      author         = "Abbott, B. P. and others",
      title          = "{Observation of Gravitational Waves from a Binary Black
                        Hole Merger}",
      collaboration  = "Virgo, LIGO Scientific",
      journal        = "Phys. Rev. Lett.",
      volume         = "116",
      year           = "2016",
      number         = "6",
      pages          = "061102",
      doi            = "10.1103/PhysRevLett.116.061102",
      eprint         = "1602.03837",
      archivePrefix  = "arXiv",
      primaryClass   = "gr-qc",
      reportNumber   = "LIGO-P150914",
      SLACcitation   = "%%CITATION = ARXIV:1602.03837;%%"
}
@article{Schutz:1986gp,
      author         = "Schutz, Bernard F.",
      title          = "{Determining the Hubble Constant from Gravitational Wave
                        Observations}",
      journal        = "Nature",
      volume         = "323",
      year           = "1986",
      pages          = "310-311",
      doi            = "10.1038/323310a0",
      SLACcitation   = "%%CITATION = NATUA,323,310;%%"
}
@article{Cai:2015zoa,
      author         = "Yang, Tao and Guo, Zong-Kuan and Cai, Rong-Gen",
      title          = "{Reconstructing the interaction between dark energy and
                        dark matter using Gaussian Processes}",
      journal        = "Phys. Rev.",
      volume         = "D91",
      year           = "2015",
      number         = "12",
      pages          = "123533",
      doi            = "10.1103/PhysRevD.91.123533",
      eprint         = "1505.04443",
      archivePrefix  = "arXiv",
      primaryClass   = "astro-ph.CO",
      SLACcitation   = "%%CITATION = ARXIV:1505.04443;%%"
}
@article{Riess:2011yx,
      author         = "Riess, Adam G. and Macri, Lucas and Casertano, Stefano
                        and Lampeitl, Hubert and Ferguson, Henry C. and
                        Filippenko, Alexei V. and Jha, Saurabh W. and Li, Weidong
                        and Chornock, Ryan",
      title          = "{A 3\% Solution: Determination of the Hubble Constant
                        with the Hubble Space Telescope and Wide Field Camera 3}",
      journal        = "Astrophys. J.",
      volume         = "730",
      year           = "2011",
      pages          = "119",
      doi            = "10.1088/0004-637X/732/2/129, 10.1088/0004-637X/730/2/119",
      note           = "[Erratum: Astrophys. J.732,129(2011)]",
      eprint         = "1103.2976",
      archivePrefix  = "arXiv",
      primaryClass   = "astro-ph.CO",
      SLACcitation   = "%%CITATION = ARXIV:1103.2976;%%"
}
@article{Joyce:2014kja,
      author         = "Joyce, Austin and Jain, Bhuvnesh and Khoury, Justin and
                        Trodden, Mark",
      title          = "{Beyond the Cosmological Standard Model}",
      journal        = "Phys. Rept.",
      volume         = "568",
      year           = "2015",
      pages          = "1-98",
      doi            = "10.1016/j.physrep.2014.12.002",
      eprint         = "1407.0059",
      archivePrefix  = "arXiv",
      primaryClass   = "astro-ph.CO",
      SLACcitation   = "%%CITATION = ARXIV:1407.0059;%%"
}
@article{Yang:2017bkv,
      author         = "Yang, Tao and Holanda, R. F. L. and Hu, Bin",
      title          = "{Constraints on the cosmic distance duality relation with
                        simulated data of gravitational waves from the Einstein
                        Telescope}",
      year           = "2017",
      eprint         = "1710.10929",
      archivePrefix  = "arXiv",
      primaryClass   = "astro-ph.CO",
      SLACcitation   = "%%CITATION = ARXIV:1710.10929;%%"
}
@article{Belgacem:2018lbp,
      author         = "Belgacem, Enis and Dirian, Yves and Foffa, Stefano and
                        Maggiore, Michele",
      title          = "{Modified gravitational-wave propagation and standard
                        sirens}",
      journal        = "Phys. Rev.",
      volume         = "D98",
      year           = "2018",
      number         = "2",
      pages          = "023510",
      doi            = "10.1103/PhysRevD.98.023510",
      eprint         = "1805.08731",
      archivePrefix  = "arXiv",
      primaryClass   = "gr-qc",
      SLACcitation   = "%%CITATION = ARXIV:1805.08731;%%"
}